<?xml version="1.0" encoding="UTF-8"?>
  <record xmlns="http://www.loc.gov/MARC21/slim" type="Authority">
    <leader>00000nz  a2200000oc 4500</leader>
    <controlfield tag="001">1150432535</controlfield>
    <controlfield tag="003">DE-101</controlfield>
    <controlfield tag="005">20220622170313.0</controlfield>
    <controlfield tag="008">180111n||aznnnaabn           | ana    |c</controlfield>
    <datafield tag="024" ind1="7" ind2=" ">
      <subfield code="a">1150432535</subfield>
      <subfield code="0">http://d-nb.info/gnd/1150432535</subfield>
      <subfield code="2">gnd</subfield>
    </datafield>
    <datafield tag="035" ind1=" " ind2=" ">
      <subfield code="a">(DE-101)1150432535</subfield>
    </datafield>
    <datafield tag="035" ind1=" " ind2=" ">
      <subfield code="a">(DE-588)1150432535</subfield>
    </datafield>
    <datafield tag="040" ind1=" " ind2=" ">
      <subfield code="a">DE-23</subfield>
      <subfield code="c">DE-23</subfield>
      <subfield code="9">r:DE-1</subfield>
      <subfield code="b">ger</subfield>
      <subfield code="d">9999</subfield>
      <subfield code="e">rda</subfield>
    </datafield>
    <datafield tag="042" ind1=" " ind2=" ">
      <subfield code="a">gnd3</subfield>
    </datafield>
    <datafield tag="075" ind1=" " ind2=" ">
      <subfield code="b">u</subfield>
      <subfield code="2">gndgen</subfield>
    </datafield>
    <datafield tag="075" ind1=" " ind2=" ">
      <subfield code="b">wit</subfield>
      <subfield code="2">gndspec</subfield>
    </datafield>
    <datafield tag="079" ind1=" " ind2=" ">
      <subfield code="a">g</subfield>
      <subfield code="q">f</subfield>
    </datafield>
    <datafield tag="100" ind1="1" ind2=" ">
      <subfield code="a">Frank, Petrus</subfield>
      <subfield code="d">1574-1602</subfield>
      <subfield code="t">&#152;Der&#156; grimmig Tod mit seinem Pfeil</subfield>
    </datafield>
    <datafield tag="400" ind1="1" ind2=" ">
      <subfield code="a">Frank, Petrus</subfield>
      <subfield code="d">1574-1602</subfield>
      <subfield code="t">&#152;Der&#156; grimmig Todt mit seinem Pfeil</subfield>
    </datafield>
    <datafield tag="400" ind1="1" ind2=" ">
      <subfield code="a">Frank, Petrus</subfield>
      <subfield code="d">1574-1602</subfield>
      <subfield code="t">&#152;Der&#156; grimme Todt mit seinem Pfeil</subfield>
    </datafield>
    <datafield tag="400" ind1="1" ind2=" ">
      <subfield code="a">Frank, Petrus</subfield>
      <subfield code="d">1574-1602</subfield>
      <subfield code="t">Certamen poeticum super lessu mortuali</subfield>
    </datafield>
    <datafield tag="400" ind1="1" ind2=" ">
      <subfield code="a">Frank, Petrus</subfield>
      <subfield code="d">1574-1602</subfield>
      <subfield code="t">Todten-Tantz</subfield>
    </datafield>
    <datafield tag="500" ind1="1" ind2=" ">
      <subfield code="0">(DE-101)116704276</subfield>
      <subfield code="0">(DE-588)116704276</subfield>
      <subfield code="0">https://d-nb.info/gnd/116704276</subfield>
      <subfield code="a">Frank, Petrus</subfield>
      <subfield code="d">1574-1602</subfield>
      <subfield code="4">aut1</subfield>
      <subfield code="4">https://d-nb.info/standards/elementset/gnd#firstAuthor</subfield>
      <subfield code="w">r</subfield>
      <subfield code="i">Verfasserschaft1</subfield>
      <subfield code="e">Verfasserschaft1</subfield>
    </datafield>
    <datafield tag="667" ind1=" " ind2=" ">
      <subfield code="a">Zuerst anonym (mit Melodie) erschienen in: Neue auserleßne geistliche Lieder, München 1604. Liedtext ab 1608 in mehreren Ausgaben unter dem Titel "Certamen poeticum super lessu mortuali", davon eine (VD17 1:043415Z) mit Nennung des Verfassers</subfield>
    </datafield>
    <datafield tag="670" ind1=" " ind2=" ">
      <subfield code="a">Das deutsche Kirchenlied</subfield>
    </datafield>
    <datafield tag="670" ind1=" " ind2=" ">
      <subfield code="a">Backer-Sommervogel</subfield>
    </datafield>
    <datafield tag="678" ind1=" " ind2=" ">
      <subfield code="b">Liedtext mit 19 Strophen</subfield>
    </datafield>
  </record>
